%% This BibTeX bibliography file was created using BibDesk.
%% http://bibdesk.sourceforge.net/


%% Created for Jonathan Julian Huerta y Munive at 2019-06-10 16:26:22 +0100 


%% Saved with string encoding Unicode (UTF-8)

@inproceedings{Alur11,
	Author = {Rajeev Alur},
	Booktitle = {{EMSOFT} 2011},
	Pages = {273--278},
	Publisher = {{ACM}},
	Title = {Formal verification of hybrid systems},
	Year = 2011}

@article{ArmstrongGS16,
	Author = {Alasdair Armstrong and Victor B. F. Gomes and Georg Struth},
	Journal = {Formal Aspects of Computing},
	Number = 2,
	Pages = {265--293},
	Title = {Building program construction and verification tools from algebraic principles},
	Volume = 28,
	Year = 2016}

@inproceedings{ArmstrongS12,
	Author = {Alasdair Armstrong and Georg Struth},
	Booktitle = {{RAMiCS} 2012},
	Editor = {Wolfram Kahl and Timothy G. Griffin},
	Pages = {66--81},
	Publisher = {Springer},
	Series = {LNCS},
	Title = {Automated Reasoning in Higher-Order Regular Algebra},
	Volume = 7560,
	Year = 2012}

@article{ArmstrongSW14,
	Author = {Alasdair Armstrong and Georg Struth and Tjark Weber},
	Journal = {J. Logical and Algebraic Methods in Programming},
	Number = 2,
	Pages = {87--102},
	Title = {Programming and automating mathematics in the {T}arski-{K}leene hierarchy},
	Volume = 83,
	Year = 2014}

@book{Arnold,
	Author = {Vladimir I. Arnol'd},
	Publisher = {Springer},
	Title = {Ordinary Differential Equations},
	Year = 1992}

@book{BackW98,
	Author = {Ralph{-}Johan Back and Joakim von Wright},
	Publisher = {Springer},
	Title = {Refinement Calculus---{A} Systematic Introduction},
	Year = 1998}

@inproceedings{Ballarin03,
	Author = {Clemens Ballarin},
	Booktitle = {Types for Proofs and Programs, International Workshop, {TYPES} 2003, Torino, Italy, April 30 - May 4, 2003, Revised Selected Papers},
	Pages = {34--50},
	Publisher = {Springer},
	Title = {Locales and Locale Expressions in Isabelle/Isar},
	Year = {2003}}

@inproceedings{BohrerRVVP17,
	Author = {Brandon Bohrer and Vincent Rahli and Ivana Vukotic and Marcus V{\"{o}}lp and Andr{\'{e}} Platzer},
	Booktitle = {CPP 2017},
	Pages = {208--221},
	Publisher = {{ACM}},
	Title = {Formally verified differential dynamic logic},
	Year = 2017}

@book{Chlipala13,
	Author = {Adam Chlipala},
	Publisher = {{MIT} Press},
	Title = {Certified Programming with Dependent Types---{A} Pragmatic Introduction to the Coq Proof Assistant},
	Year = 2013}

@book{ChoquetBdWM82,
	Author = {Yvonne Choquet-Bruhat and C\'ecile DeWitt-Morette},
	Edition = {Revised Edition},
	Publisher = {North-Holland},
	Title = {Analysis, Manifolds and Physics, Part 1: Basics},
	Year = 1982}

@book{ClarkeHVB18,
  editor    = {Edmund M. Clarke and
               Thomas A. Henzinger and
               Helmut Veith and
               Roderick Bloem},
  title     = {Handbook of Model Checking},
  publisher = {Springer},
  year      = {2018},
}

@book{Conway,
	Author = {Conway, J. H.},
	Publisher = {Chapman and Hall},
	Title = {Regular Algebra and Finite Machines},
	Year = 1971}

@article{DesharnaisMS06,
	Author = {Jules Desharnais and Bernhard M{\"{o}}ller and Georg Struth},
	Journal = {{ACM} Transactions on Computational Logic},
	Number = 4,
	Pages = {798--833},
	Title = {Kleene algebra with domain},
	Volume = 7,
	Year = 2006}

@article{DesharnaisMS11,
	Author = {Jules Desharnais and Bernhard M{\"{o}}ller and Georg Struth},
	Journal = {Logical Methods in Computer Science},
	Number = 1,
	Title = {Algebraic Notions of Termination},
	Volume = 7,
	Year = 2011}

@article{DesharnaisS11,
	Author = {Jules Desharnais and Georg Struth},
	Journal = {Science of Computer Programming},
	Number = 3,
	Pages = {181--203},
	Title = {Internal axioms for domain semirings},
	Volume = 76,
	Year = 2011}

@inproceedings{DongolGS15,
	Author = {Brijesh Dongol and Victor B. F. Gomes and Georg Struth},
	Booktitle = {{MPC} 2015},
	Editor = {Ralf Hinze and Janis Voigtl{\"{a}}nder},
	Pages = {137--158},
	Publisher = {Springer},
	Series = {LNCS},
	Title = {A Program Construction and Verification Tool for Separation Logic},
	Volume = 9129,
	Year = 2015}

@article{DongolHS17,
	Archiveprefix = {arXiv},
	Author = {Brijesh Dongol and Ian J. Hayes and Georg Struth},
	Bibsource = {dblp computer science bibliography, https://dblp.org},
	Biburl = {https://dblp.org/rec/bib/journals/corr/DongolHS17},
	Eprint = {1702.04603},
	Journal = {CoRR},
	Timestamp = {Wed, 07 Jun 2017 14:42:36 +0200},
	Title = {Relational Convolution, Generalised Modalities and Incidence Algebras},
	Url = {\url{http://arxiv.org/abs/1702.04603}},
	Volume = {abs/1702.04603},
	Year = 2017,
	Bdsk-Url-1 = {http://arxiv.org/abs/1702.04603}}

@incollection{DoyenFPP18,
  author    = {Laurent Doyen and
               Goran Frehse and
               George J. Pappas and
               Andr{\'{e}} Platzer},
  title     = {Verification of Hybrid Systems},
  booktitle = {Handbook of Model Checking.},
  pages     = {1047--1110},
    publisher = {Springer},
  year      = 2018,
}

@inproceedings{FainekosKGP05,
	Author = {G. E. Fainekos and H. Kress-Gazit and G. J. Pappas},
	Booktitle = {IEEE Conference on Decision and Control},
	Pages = {4885-4890},
	Title = {Hybrid Controllers for Path Planning: A Temporal Logic Approach},
	Year = 2005}

@article{FosterSM18,
	Author = {Simon Foster and James Baxter and Ana Cavalcanti and Alvaro Miyazawa and Jim Woodcock},
	Journal = {CoRR},
	Title = {Automating Verification of State Machines with Reactive Designs and Isabelle/UTP},
	Volume = {abs/1807.08588},
	Year = {2018}}

@inproceedings{FosterZW16,
  author    = {Simon Foster and
               Frank Zeyda and
               Jim Woodcock},
  title     = {Unifying Heterogeneous State-Spaces with Lenses},
  booktitle = {{ICTAC} 2016},
  pages     = {295--314},
  series    = {LNCS},
  volume    = {9965},
  year      = {2016}
}

@inproceedings{FultonMQVP15,
	Author = {Nathan Fulton and Stefan Mitsch and Jan{-}David Quesel and Marcus V{\"{o}}lp and Andr{\'{e}} Platzer},
	Booktitle = {{CADE}-25},
	Pages = {527--538},
	Publisher = {Springer},
	Series = {LNCS},
	Title = {{K}e{Y}maera {X:} An Axiomatic Tactical Theorem Prover for Hybrid Systems},
	Volume = 9195,
	Year = 2015}

@inproceedings{FultonP16,
	Author = {Nathan Fulton and Andr{\'{e}} Platzer},
	Bibsource = {dblp computer science bibliography, https://dblp.org},
	Biburl = {https://dblp.org/rec/bib/conf/cpp/FultonP16},
	Booktitle = {Proceedings of the 5th {ACM} {SIGPLAN} Conference on Certified Programs and Proofs, Saint Petersburg, FL, USA, January 20-22, 2016},
	Doi = {10.1145/2854065.2854078},
	Pages = {110--121},
	Timestamp = {Thu, 15 Jun 2017 21:38:39 +0200},
	Title = {A logic of proofs for differential dynamic logic: toward independently checkable proof certificates for dynamic logics},
	Url = {http://doi.acm.org/10.1145/2854065.2854078},
	Year = {2016},
	Bdsk-Url-1 = {http://doi.acm.org/10.1145/2854065.2854078},
	Bdsk-Url-2 = {https://doi.org/10.1145/2854065.2854078}}

@Book{GierzHKLMS80,
  author = 	 {Gierz, G. and Hofmann, K. H. and Lawson, J. D. and Mislove, M and Scott, D. S.},
  title = 	 {A Compendium of Continuous Lattices},
  publisher = 	 {Springer},
  year = 	 1980}

@phdthesis{Gomes15,
	Author = {Victor B. F. Gomes},
	School = {University of Sheffield},
	Title = {Algebraic Principles for Program Correctness Tools in {I}sabelle/{HOL}},
	Year = 2015}



@inproceedings{GomesS16,
	Author = {Victor B. F. Gomes and Georg Struth},
	Booktitle = {{FM} 2016},
	Pages = {310--325},
	Series = {LNCS},
	Title = {Modal {K}leene Algebra Applied to Program Correctness},
	Volume = 9995,
	Year = 2016}


@incollection{GordonC10,
	Author = {Gordon, M. and Collavizza, H.},
	Booktitle = {Reflections on the Work of C.A.R. Hoare},
	Editor = {Roscoe, A. W. and Jones, C. B. and Wood, K. W.},
	Pages = {101--121},
	Publisher = {Springer},
	Title = {Forward with {H}oare},
	Year = 2010}

@inproceedings{HaftmannW06,
	Author = {Florian Haftmann and Makarius Wenzel},
	Booktitle = {Types for Proofs and Programs, International Workshop, {TYPES} 2006, Nottingham, UK, April 18-21, 2006, Revised Selected Papers},
	Pages = {160--174},
	Publisher = {Springer},
	Title = {Constructive Type Classes in Isabelle},
	Year = {2006}}

@Book{HairerW96,
  author = 	 {Ernst Hairer and Gerhard Wanner},
  title = 	 {Solving Ordinary Differential Equations II: Stiff and Differential-Algebraic Problems},
  publisher = 	 {Springer},
  year = 	 1996}

@book{HarelKT00,
	Author = {David Harel and Dexter Kozen and Jerzy Tiuryn},
	Publisher = {MIT Press},
	Title = {Dynamic Logic},
	Year = 2000}

@inproceedings{Henzinger96,
	Author = {Thomas A. Henzinger},
	Booktitle = {LICS 1996},
	Pages = {278--292},
	Publisher = {{IEEE} Computer Society},
	Title = {The Theory of Hybrid Automata},
	Year = 1996}

@book{Hirsch09,
	author = {Morris W. Hirsch and Stephen Smale and Robert L. Devaney},
  	publisher = {Academic Press},
  	title = {Differential equations, dynamical systems, and linear algebra},
  	year = 1974
}

@incollection{Hoare02a,
	Author = {C. A. R. Hoare},
	Booktitle = {Software Pioneers},
	Pages = {367--383},
	Publisher = {Springer Berlin Heidelberg},
	Title = {An Axiomatic Basis for Computer Programming (Reprint)},
	Year = {2002}}

@article{HofnerM09,
	Author = {Peter H{\"{o}}fner and Bernhard M{\"{o}}ller},
	Journal = {J. Logic and Algebraic Programming},
	Number = {2},
	Pages = {74--97},
	Title = {An algebra of hybrid systems},
	Volume = {78},
	Year = {2009}}

@article{Hollenberg97,
	Author = {Marco Hollenberg},
	Journal = {Journal of Logic, Language and Information},
	Number = 4,
	Pages = {381--401},
	Title = {An Equational Axiomatization of Dynamic Negation and Relational Composition},
	Volume = 6,
	Year = 1997}

@inproceedings{HolzlIH13,
	Author = {Johannes H{\"{o}}lzl and Fabian Immler and Brian Huffman},
	Booktitle = {ITP 2013},
	Pages = {279--294},
	Publisher = {Springer},
	Series = {LNCS},
	Title = {Type Classes and Filters for Mathematical Analysis in {I}sabelle/{HOL}},
	Volume = 7998,
	Year = 2013}



@inproceedings{Immler12,
	Author = {Fabian Immler and Johannes H{\"{o}}lzl},
	Booktitle = {ITP 2012},
	Pages = {377--392},
	Publisher = {Springer},
	Series = {LNCS},
	Title = {Numerical Analysis of Ordinary Differential Equations in {I}sabelle/{HOL}},
	Volume = {7406},
	Year = {2012}}

@article{ImmlerH12a,
	Author = {Fabian Immler and Johannes H{\"{o}}lzl},
	Journal = {Archive of Formal Proofs},
	Title = {Ordinary Differential Equations},
	Url = {https://www.isa-afp.org/entries/Ordinary_Differential_Equations.shtml},
	Year = {2012},
	Bdsk-Url-1 = {https://www.isa-afp.org/entries/Ordinary_Differential_Equations.shtml}}

@Article{Foster18c-Optics,
  author =       {Foster, S. and Zeyda, F.},
  title =        {Optics in {Isabelle/HOL}},
  journal =      {Archive of Formal Proofs},
  year =         2018
  }

@Article{Foster19a-IsabelleUTP,
  author =       {Foster, S. and Zeyda, F. and Nemouchi, Y. and Ribeiro, P. and Wolff, B.},
  title =        {{Isabelle/UTP: Mechanised Theory Engineering for Unifying Theories of Programming}},
  journal =      {Archive of Formal Proofs},
  year =         2019
  }

@InProceedings{Foster19b-HybridRelations,
  author =       {Foster, S.},
  title =        {Hybrid Relations in {Isabelle/UTP}},
  booktitle = {7th Intl. Symp. on Unifying Theories of Programming (UTP)},
  year =      2019,
  volume =    11885,
  series =    {LNCS},
  pages =     {130--153},
  publisher = {Springer}}

@article{FurusawaS16,
  author    = {Hitoshi Furusawa and
               Georg Struth},
  title     = {Taming Multirelations},
  journal   = {{ACM} {TOCL}},
  volume    = {17},
  number    = {4},
  pages     = {28:1--28:34},
  year      = {2016}
}

@article{FurusawaS15,
  author    = {Hitoshi Furusawa and
               Georg Struth},
  title     = {Binary Multirelations},
  journal   = {Archive of Formal Proofs},
  year      = {2015}
}

@Article{Platzer15,
  author = 	 {Andr\'e Platzer},
  title = 	 {Differential Game Logic},
  journal = 	 {{ACM} {TOCL}},
  year = 	 2015,
  volume = 	 17,
  number = 	 1,
  pages = 	 {1:1--1:52}}

@inproceedings{ImmlerT16,
	Author = {Fabian Immler and Christoph Traut},
	Booktitle = {ITP 2016},
	Pages = {184--199},
	Publisher = {Springer},
	Series = {LNCS},
	Title = {The Flow of {ODE}s},
	Volume = 9807,
	Year = 2016}

@article{ImmlerT19,
  author    = {Fabian Immler and
               Christoph Traut},
  title     = {The Flow of {ODE}s: Formalization of Variational Equation and {P}oincar{\'{e}}
               Map},
  journal   = {J. Automated Reasoning},
  volume    = {62},
  number    = {2},
  pages     = {215--236},
  year      = {2019}
}


@article{Jacobs17,
  author    = {Bart Jacobs},
  title     = {A Recipe for State-and-Effect Triangles},
  journal   = {Logical Methods in Computer Science},
  volume    = {13},
  number    = {2},
  year      = {2017}
}

@article{JeanninGKSGMP17,
	Author = {Jean{-}Baptiste Jeannin and Khalil Ghorbal and Yanni Kouskoulas and Aurora Schmidt and Ryan Gardner and Stefan Mitsch and Andr{\'{e}} Platzer},
	Bibsource = {dblp computer science bibliography, https://dblp.org},
	Biburl = {https://dblp.org/rec/bib/journals/sttt/JeanninGKSGMP17},
	Doi = {10.1007/s10009-016-0434-1},
	Journal = {{STTT}},
	Number = 6,
	Pages = {717--741},
	Timestamp = {Mon, 06 Nov 2017 12:13:45 +0100},
	Title = {A formally verified hybrid system for safe advisories in the next-generation airborne collision avoidance system},
	Url = {https://doi.org/10.1007/s10009-016-0434-1},
	Volume = 19,
	Year = 2017,
	Bdsk-Url-1 = {https://doi.org/10.1007/s10009-016-0434-1}}

@Book{John86,
  author = 	 {Fritz John},
  title = 	 {Partial Differential Equations},
  publisher = 	 {Springer},
  year = 	 1986}

@article{JonssonT51,
	Author = {J\'onsson, B. and Tarski, A.},
	Journal = {Americal Journal of Mathematics},
	Number = 4,
	Pages = {207-215},
	Title = {Boolean Algebras with Operators, {P}art {I}},
	Volume = 73,
	Year = 1951}

@article{KleinAEMSKH14,
	Author = {Gerwin Klein and June Andronick and Kevin Elphinstone and Toby C. Murray and Thomas Sewell and Rafal Kolanski and Gernot Heiser},
	Journal = {{ACM} Trans. Comput. Syst.},
	Number = 1,
	Pages = {2:1--2:70},
	Title = {Comprehensive formal verification of an {OS} microkernel},
	Volume = 32,
	Year = 2014}

@inproceedings{KouskoulasRPK13,
	Author = {Yanni Kouskoulas and David W. Renshaw and Andr{\'{e}} Platzer and Peter Kazanzides},
	Bibsource = {dblp computer science bibliography, https://dblp.org},
	Biburl = {https://dblp.org/rec/bib/conf/hybrid/KouskoulasRPK13},
	Booktitle = {Proceedings of the 16th international conference on Hybrid systems: computation and control, {HSCC} 2013, April 8-11, 2013, Philadelphia, PA, {USA}},
	Doi = {10.1145/2461328.2461369},
	Pages = {263--272},
	Timestamp = {Fri, 02 Jun 2017 20:51:24 +0200},
	Title = {Certifying the safe design of a virtual fixture control algorithm for a surgical robot},
	Url = {http://doi.acm.org/10.1145/2461328.2461369},
	Year = {2013},
	Bdsk-Url-1 = {http://doi.acm.org/10.1145/2461328.2461369},
	Bdsk-Url-2 = {https://doi.org/10.1145/2461328.2461369}}

@article{Kozen00,
	Author = {Kozen, D.},
	Bibsource = {DBLP, http://dblp.uni-trier.de},
	Journal = {ACM TOCL},
	Number = 1,
	Pages = {60--76},
	Title = {On {H}oare logic and {K}leene algebra with tests},
	Volume = 1,
	Year = 2000}

@article{Kozen94,
	Author = {Dexter Kozen},
	Journal = {Inf. Comput.},
	Number = {2},
	Pages = {366--390},
	Title = {A Completeness Theorem for Kleene Algebras and the Algebra of Regular Events},
	Volume = {110},
	Year = {1994}}

@article{Kozen97,
  author    = {Dexter Kozen},
  title     = {Kleene Algebra with Tests},
  journal   = {{ACM} {TOPLAS}},
  volume    = {19},
  number    = {3},
  pages     = {427--443},
  year      = {1997}
}

@inproceedings{KozenP00,
	Author = {Dexter Kozen and Maria{-}Christina Patron},
	Booktitle = {{CL} 2000},
	Editor = {John W. Lloyd and al},
	Pages = {568--582},
	Publisher = {Springer},
	Series = {LNCS},
	Title = {Certification of Compiler Optimizations Using {K}leene Algebra with Tests},
	Volume = 1861,
	Year = 2000}

@article{Leroy09,
	Author = {Xavier Leroy},
	Journal = {{CACM}},
	Number = 7,
	Pages = {107--115},
	Title = {Formal verification of a realistic compiler},
	Volume = 52,
	Year = 2009}

@inproceedings{LiuLQZZZZ10,
  author    = {Jiang Liu and
               Jidong Lv and
               Zhao Quan and
               Naijun Zhan and
               Hengjun Zhao and
               Chaochen Zhou and
               Liang Zou},
  title     = {A Calculus for Hybrid {CSP}},
  booktitle = {{APLAS} 2010},
  pages     = {1--15},
  series    = {LNCS},
  volume    = {6461},
  publisher = {Springer},
  year      = {2010}
}

@inproceedings{LoosP16,
  author    = {Sarah M. Loos and
               Andr{\'{e}} Platzer},
  title     = {Differential Refinement Logic},
  booktitle = {{LICS} 2016},
  pages     = {505--514},
  publisher = {{ACM}},
  year      = {2016}
}

@inproceedings{LoosPN11,
	Author = {Sarah M. Loos and Andr{\'{e}} Platzer and Ligia Nistor},
	Booktitle = {{FM} 2011},
	Pages = {42--56},
	Publisher = {Springer},
	Series = {LNCS},
	Title = {Adaptive Cruise Control: Hybrid, Distributed, and Now Formally Verified},
	Volume = 6664,
	Year = 2011}

@book{Maclane71,
	Author = {MacLane, Saunders},
	Publisher = {Springer},
	Title = {Categories for the Working Mathematician},
	Year = 1971}

@Book{Manes92,
  author = 	 {Ernest G. Manes},
  title = 	 {Predicate Transformer Semantics},
  publisher = 	 {Cambridge University Press},
  year = 	 1992}

@article{MatichukMW16,
	Author = {Daniel Matichuk and Toby C. Murray and Makarius Wenzel},
	Journal = {J. Automated Reasoning},
	Number = 3,
	Pages = {261--282},
	Title = {Eisbach: {A} Proof Method Language for {I}sabelle},
	Volume = 56,
	Year = 2016}

@inproceedings{MeijerFP91,
  author    = {Erik Meijer and
               Maarten M. Fokkinga and
               Ross Paterson},
  title     = {Functional Programming with Bananas, Lenses, Envelopes and Barbed
               Wire},
  booktitle = {Functional Programming Languages and Computer Architecture 1991},
  series    = {LNCS},
  volume    = 523,
  publisher = {Springer},
  year      = 1991
}

@inproceedings{MengPK07,
	Author = {Jia Meng and Lawrence C. Paulson and Gerwin Klein},
	Booktitle = {International Verification Workshop},
	Title = {A Termination Checker for {I}sabelle {H}oare Logic},
	Url = {http://ceur-ws.org/Vol-259/paper10.pdf},
	Year = 2007,
	Bdsk-Url-1 = {http://ceur-ws.org/Vol-259/paper10.pdf}}

@inproceedings{MitschGP13,
	Author = {Stefan Mitsch and Khalil Ghorbal and Andr{\'{e}} Platzer},
	Booktitle = {Robotics: Science and Systems},
	Title = {On Provably Safe Obstacle Avoidance for Autonomous Robotic Ground Vehicles},
	Year = {2013}}

@article{MollerS06,
	Author = {Bernhard M{\"{o}}ller and Georg Struth},
	Journal = {Theoretical Computer Science},
	Number = 2,
	Pages = {221--239},
	Title = {Algebras of modal operators and partial correctness},
	Volume = 351,
	Year = 2006}

@book{Morgan94,
	Author = {Morgan, C.},
	Publisher = {Prentice Hall},
	Title = {Programming from specifications, 2nd Edition},
	Year = 1994}

@inproceedings{MuniveS18,
	Author = { Huerta y Munive, Jonathan Juli{\'{a}}n and Struth, Georg},
	Booktitle = {RAMiCS 2018},
	Pages = {225--243},
	Publisher = {Springer},
	Series = {LNCS},
	Title = {Verifying Hybrid Systems with Modal {K}leene Algebra},
	Volume = 11194,
	Year = 2018}

@Unpublished{MuniveS19,
  author = 	 {Huerta y Munive, Jonathan Juli\'an and Struth, G.},
  title = 	 {Predicate Transformer Semantics for Hybrid Systems: Verification Components for {I}sabelle/{HOL}},
    note =         {\href{https://arxiv.org/abs/arXiv:1909.05618}{arXiv:1909.05618} [cs.LO]},
      year =         2019,
}

@inproceedings{Nemeti81,
	Author = {Istv{\'{a}}n N{\'{e}}meti},
	Booktitle = {FCT'81},
	Editor = {Ferenc G{\'{e}}cseg},
	Pages = {281--290},
	Publisher = {Springer},
	Series = {LNCS},
	Title = {Dynamic Algebras of Programs},
	Volume = 117,
	Year = 1981} 

@book{NipkowK14,
	Author = {Tobias Nipkow and Gerwin Klein},
	Publisher = {Springer},
	Title = {Concrete Semantics---With {I}sabelle/{HOL}},
	Year = 2014}


@book{NipkowPW02,
	Author = {Nipkow, T. and Paulson, L. C. and Wenzel, M.},
	Publisher = {Springer},
	Series = {LNCS},
	Title = {Isabelle/HOL---A Proof Assistant for Higher-Order Logic},
	Volume = 2283,
	Year = 2002}

@book{Olver86,
	Author = {Peter J. Olver},
	Publisher = {Springer},
	Title = {Applications of Lie Groups to Differential Equations},
	Year = 1986}

@article{Paulson86,
	Author = {Lawrence C. Paulson},
	Journal = {J. Log. Program.},
	Number = {3},
	Pages = {237--258},
	Title = {Natural Deduction as Higher-Order Resolution},
	Volume = {3},
	Year = {1986}}

@book{Platzer10,
	Author = {Andr\'e Platzer},
	Publisher = {Springer},
	Title = {Logical Analysis of Hybrid Systems},
	Year = 2010}

@article{Platzer12,
	Author = {Andr{\'e} Platzer},
	Journal = {LMCS},
	Number = 4,
	Title = {The Structure of Differential Invariants and Differential Cut Elimination},
	Volume = 8,
	Year = 2008}

@book{Platzer18,
 author = {Platzer, Andr\'e},
 title = {Logical Foundations of Cyber-Physical Systems},
 year = 2018,
 publisher = {Springer},
}

@inproceedings{PlatzerQ09,
	Author = {Andr{\'{e}} Platzer and Jan{-}David Quesel},
	Booktitle = {{ICFEM}},
	Pages = {246--265},
	Publisher = {Springer},
	Series = {Lecture Notes in Computer Science},
	Title = {European Train Control System: {A} Case Study in Formal Verification},
	Volume = {5885},
	Year = {2009}}

@inproceedings{PlatzerT18,
	Author = {Andr{\'{e}} Platzer and Yong Kiam Tan},
	Booktitle = {{LICS}},
	Pages = {819--828},
	Publisher = {{ACM}},
	Title = {Differential Equation Axiomatization: The Impressive Power of Differential Ghosts},
	Year = {2018}}

@inproceedings{Pratt88,
	Author = {Vaughan R. Pratt},
	Booktitle = {Algebraic Logic and Universal Algebra in Computer Science},
	Editor = {Clifford Bergman and Roger D. Maddux and Don Pigozzi},
	Pages = {77--110},
	Publisher = {Springer},
	Series = {LNCS},
	Title = {Dynamic algebras as a well-behaved fragment of relation algebras},
	Volume = 425,
	Year = 1990}

@inproceedings{Preoteasa11,
  author    = {Viorel Preoteasa},
  title     = {Algebra of Monotonic Boolean Transformers},
  booktitle = {{SBMF} 2011},
  pages     = {140--155},
  series    = {LNCS},
  volume    = 7021,
  publisher = {Springer},
  year      = 2011
}

@article{Preoteasa11a,
  author    = {Viorel Preoteasa},
  title     = {Algebra of Monotonic Boolean Transformers},
  journal   = {Archive of Formal Proofs},
  year      = {2011}
}

@article{QueselMLAP16,
	Author = {Jan{-}David Quesel and Stefan Mitsch and Sarah M. Loos and Nikos Arechiga and Andr{\'{e}} Platzer},
	Bibsource = {dblp computer science bibliography, https://dblp.org},
	Biburl = {https://dblp.org/rec/bib/journals/sttt/QueselMLAP16},
	Doi = {10.1007/s10009-015-0367-0},
	Journal = {{STTT}},
	Number = 1,
	Pages = {67--91},
	Timestamp = {Thu, 08 Jun 2017 09:05:41 +0200},
	Title = {How to model and prove hybrid systems with {K}e{Y}maera: a tutorial on safety},
	Url = {https://doi.org/10.1007/s10009-015-0367-0},
	Volume = 18,
	Year = 2016,
	Bdsk-Url-1 = {https://doi.org/10.1007/s10009-015-0367-0}}

@Book{Rosenthal96,
  author = 	 {Kimmo I. Rosenthal},
  title = 	 {The Theory of Quantaloids},
  publisher = 	 {Chapman and Hall/CRC},
  year = 	 1996}

@article{Struth12,
	Author = {Georg Struth},
	Journal = {J. Logic and Algebraic Programming},
	Number = 6,
	Pages = {705--717},
	Title = {Left omega algebras and regular equations},
	Volume = 81,
	Year = 2012}

@article{Struth16,
	Author = {Georg Struth},
	Journal = {Information Processing Letters},
	Number = 4,
	Pages = {284--288},
	Title = {On the expressive power of {K}leene algebra with domain},
	Volume = 116,
	Year = 2016}

@article{Struth18,
  author    = {Georg Struth},
  title     = {Hoare Semigroups},
  journal   = {Mathematical Structures in Computer Science},
  volume    = 28,
  number    = 6,
  pages     = {775--799},
  year      = 2018
}



@TechReport{KozenCS96,
  author = 	 {Kozen, D. and Cohen, E. and Smith, F.},
  title = 	 {The complexity of {K}leene algebra with tests},
  institution =  {Computer Science Department, Cornell University},
  year = 	 1996,
  type = 	 {Technical Report},
  number = 	 {TR96-1598}}

@TechReport{AngusK01,
  author = 	 {Angus, A. and Kozen, D.},
  title = 	 {Kleene algebra with tests and program schematology},
  institution =  {Computer Science Department, Cornell University},
  year = 	 2001,
  type = 	 {Rechnical Report},
  number = 	 {2001-1844}}

@book{Teschl12,
	Author = {Gerald Teschl},
	Publisher = {AMS},
	Title = {Ordinary Differential Equations and Dynamical Systems},
	Year = 2012}

@book{Trentelman01,
	Author = {Harry L. Trentelman and Antonie Arij Stoorvogel and Malo Hautus},
	Publisher = {Springer Verlag},
	Series = {Communications and Control Engineering},
	Title = {Control Theory for Linear Systems},
	Year = 2001}

@article{afp:hybrid,
	Author = {Huerta y Munive, Jonathan Juli\'an},
	Journal = {Archive of Formal Proofs},
	Title = {Verification Components for Hybrid Systems},
	Year = 2019}


@article{afp:ka,
	Author = {Alasdair Armstrong and Georg Struth and Tjark Weber},
	Journal = {Archive of Formal Proofs},
	Title = {Kleene Algebra},
	Year = 2013}

@article{afp:kad,
	Author = {Victor B. F. Gomes and Walter Guttman and Peter H\"ofner and Georg Struth and Tjark Weber},
	Journal = {Archive of Formal Proofs},
	Title = {Kleene Algebra with domain},
	Year = 2016}

@article{afp:kat,
	Author = {Alasdair Armstrong and Victor B. F. Gomes and Georg Struth},
	Journal = {Archive of Formal Proofs},
	Title = {Kleene Algebra with Tests and Demonic Refinement Algebras},
	Year = 2014}

@article{afp:order,
  author    = {Georg Struth},
  title     = {Properties of Orderings and Lattices},
  journal   = {Archive of Formal Proofs},
  year      = {2018}
}

@article{afp:quantales,
	Author = {Georg Struth},
	Journal = {Archive of Formal Proofs},
	Title = {Quantales},
	Year = 2018}

@article{afp:transem,
	Author = {Georg Struth},
	Journal = {Archive of Formal Proofs},
	Title = {Transformer Semantics},
	Year = 2018}

@article{afp:vericomp,
	Author = {Victor B. F. Gomes and Georg Struth},
	Journal = {Archive of Formal Proofs},
	Title = {Program Construction and Verification Components Based on {K}leene Algebra},
	Year = 2016}
	


